@article{carlsson2008local,
  title={On the local behavior of spaces of natural images},
  author={Carlsson, Gunnar and Ishkhanov, Tigran and De Silva, Vin and Zomorodian, Afra},
  journal={International journal of computer vision},
  volume={76},
  number={1},
  pages={1--12},
  year={2008},
  publisher={Springer}
}

@article{chazal2012structure,
  title={The structure and stability of persistence modules},
  author={Chazal, Fr{\'e}d{\'e}ric and De Silva, Vin and Glisse, Marc and Oudot, Steve},
  publisher={Springer},
  year={2012}
}

@book{shalev2014understanding,
  title={Understanding machine learning: From theory to algorithms},
  author={Shalev-Shwartz, Shai and Ben-David, Shai},
  year={2014},
  publisher={Cambridge university press}
}

@inproceedings{chazal2014stochastic,
  title={Stochastic convergence of persistence landscapes and silhouettes},
  author={Chazal, Fr{\'e}d{\'e}ric and Fasy, Brittany Terese and Lecci, Fabrizio and Rinaldo, Alessandro and Wasserman, Larry},
  booktitle={Proceedings of the thirtieth annual symposium on Computational geometry},
  pages={474},
  year={2014},
  organization={ACM}
}

@inproceedings{kwitt2015statistical,
  title={Statistical topological data analysis-a kernel perspective},
  author={Kwitt, Roland and Huber, Stefan and Niethammer, Marc and Lin, Weili and Bauer, Ulrich},
  booktitle={Advances in neural information processing systems},
  pages={3070--3078},
  year={2015}
}

@inproceedings{chazal2015subsampling,
  title={Subsampling methods for persistent homology},
  author={Chazal, Fr{\'e}d{\'e}ric and Fasy, Brittany and Lecci, Fabrizio and Michel, Bertrand and Rinaldo, Alessandro and Wasserman, Larry},
  booktitle={International Conference on Machine Learning},
  pages={2143--2151},
  year={2015}
}

@article{chazal2015convergence,
  title={Convergence rates for persistence diagram estimation in topological data analysis},
  author={Chazal, Fr{\'e}d{\'e}ric and Glisse, Marc and Labru{\`e}re, Catherine and Michel, Bertrand},
  journal={The Journal of Machine Learning Research},
  volume={16},
  number={1},
  pages={3603--3635},
  year={2015},
  publisher={JMLR. org}
}

@article{gao2016dropout,
  title={Dropout Rademacher complexity of deep neural networks},
  author={Gao, Wei and Zhou, Zhi-Hua},
  journal={Science China Information Sciences},
  volume={59},
  number={7},
  pages={072104},
  year={2016},
  publisher={Springer}
}

@article{zhang2016understanding,
  title={Understanding deep learning requires rethinking generalization},
  author={Zhang, Chiyuan and Bengio, Samy and Hardt, Moritz and Recht, Benjamin and Vinyals, Oriol},
  journal={arXiv preprint arXiv:1611.03530},
  year={2016}
}

@inproceedings{kusano2016persistence,
  title={Persistence weighted Gaussian kernel for topological data analysis},
  author={Kusano, Genki and Hiraoka, Yasuaki and Fukumizu, Kenji},
  booktitle={International Conference on Machine Learning},
  pages={2004--2013},
  year={2016}
}

@inproceedings{anirudh2016riemannian,
  title={A riemannian framework for statistical analysis of topological persistence diagrams},
  author={Anirudh, Rushil and Venkataraman, Vinay and Natesan Ramamurthy, Karthikeyan and Turaga, Pavan},
  booktitle={Proceedings of the IEEE Conference on Computer Vision and Pattern Recognition Workshops},
  pages={68--76},
  year={2016}
}

@article{cang2017topologynet,
  title={TopologyNet: Topology based deep convolutional and multi-task neural networks for biomolecular property predictions},
  author={Cang, Zixuan and Wei, Guo-Wei},
  journal={PLoS computational biology},
  volume={13},
  number={7},
  pages={e1005690},
  year={2017},
  publisher={Public Library of Science}
}

@article{adams2017persistence,
  title={Persistence images: A stable vector representation of persistent homology},
  author={Adams, Henry and Emerson, Tegan and Kirby, Michael and Neville, Rachel and Peterson, Chris and Shipman, Patrick and Chepushtanova, Sofya and Hanson, Eric and Motta, Francis and Ziegelmeier, Lori},
  journal={The Journal of Machine Learning Research},
  volume={18},
  number={1},
  pages={218--252},
  year={2017},
  publisher={JMLR. org}
}

@inproceedings{carriere2017sliced,
  title={Sliced wasserstein kernel for persistence diagrams},
  author={Carriere, Mathieu and Cuturi, Marco and Oudot, Steve},
  booktitle={Proceedings of the 34th International Conference on Machine Learning-Volume 70},
  pages={664--673},
  year={2017},
  organization={JMLR. org}
}

@inproceedings{harvey2017nearly,
  title={Nearly-tight VC-dimension bounds for piecewise linear neural networks},
  author={Harvey, Nick and Liaw, Christopher and Mehrabian, Abbas},
  booktitle={Conference on Learning Theory},
  pages={1064--1068},
  year={2017}
}

@article{bartlett2017nearly,
  title={Nearly-tight VC-dimension and pseudodimension bounds for piecewise linear neural networks},
  author={Bartlett, Peter L and Harvey, Nick and Liaw, Chris and Mehrabian, Abbas},
  journal={arXiv preprint arXiv:1703.02930},
  year={2017}
}

@inproceedings{neyshabur2017exploring,
  title={Exploring generalization in deep learning},
  author={Neyshabur, Behnam and Bhojanapalli, Srinadh and McAllester, David and Srebro, Nati},
  booktitle={Advances in Neural Information Processing Systems},
  pages={5947--5956},
  year={2017}
}

@inproceedings{hofer2017deep,
  title={Deep learning with topological signatures},
  author={Hofer, Christoph and Kwitt, Roland and Niethammer, Marc and Uhl, Andreas},
  booktitle={Advances in Neural Information Processing Systems},
  pages={1634--1644},
  year={2017}
}

@article{guss2018characterizing,
  title={On characterizing the capacity of neural networks using algebraic topology},
  author={Guss, William H and Salakhutdinov, Ruslan},
  journal={arXiv preprint arXiv:1802.04443},
  year={2018}
}

@article{ramamurthy2018topological,
  title={Topological Data Analysis of Decision Boundaries with Application to Model Selection},
  author={Ramamurthy, Karthikeyan Natesan and Varshney, Kush R and Mody, Krishnan},
  journal={arXiv preprint arXiv:1805.09949},
  year={2018}
}

@article{obayashi2018persistence,
  title={Persistence diagrams with linear machine learning models},
  author={Obayashi, Ippei and Hiraoka, Yasuaki and Kimura, Masao},
  journal={Journal of Applied and Computational Topology},
  volume={1},
  number={3-4},
  pages={421--449},
  year={2018},
  publisher={Springer}
}

@article{jakubovitz2018generalization,
  title={Generalization error in deep learning},
  author={Jakubovitz, Daniel and Giryes, Raja and Rodrigues, Miguel RD},
  journal={arXiv preprint arXiv:1808.01174},
  year={2018}
}

@article{perez2018deep,
  title={Deep learning generalizes because the parameter-function map is biased towards simple functions},
  author={P{\'e}rez, Guillermo Valle and Louis, Ard A and Camargo, Chico Q},
  journal={ICLR},
  year={2018}
}

@article{neyshabur2018role,
  title={The role of over-parametrization in generalization of neural networks},
  author={Neyshabur, Behnam and Li, Zhiyuan and Bhojanapalli, Srinadh and LeCun, Yann and Srebro, Nathan},
  journal={ICLR},
  year={2018}
}

@article{barron2018approximation,
  title={Approximation and estimation for high-dimensional deep learning networks},
  author={Barron, Andrew R and Klusowski, Jason M},
  journal={arXiv preprint arXiv:1809.03090},
  year={2018}
}

@article{zhou2018compressibility,
  title={Compressibility and generalization in large-scale deep learning},
  author={Zhou, Wenda and Veitch, Victor and Austern, Morgane and Adams, Ryan P and Orbanz, Peter},
  journal={arXiv preprint arXiv:1804.05862},
  year={2018}
}

@article{carriere2018metric,
  title={On the Metric Distortion of Embedding Persistence Diagrams into Reproducing Kernel Hilbert Spaces},
  author={Carriere, Mathieu and Bauer, Ulrich},
  journal={arXiv preprint arXiv:1806.06924},
  year={2018}
}

@article{zielinski2018persistence,
  title={Persistence Bag-of-Words for Topological Data Analysis},
  author={Zieli{\'n}ski, Bartosz and Lipi{\'n}ski, Micha{\l} and Juda, Mateusz and Zeppelzauer, Matthias and D{\l}otko, Pawe{\l}},
  journal={arXiv preprint arXiv:1812.09245},
  year={2018}
}

@article{chazal2018density,
  title={The density of expected persistence diagrams and its kernel based estimation},
  author={Chazal, Fr{\'e}d{\'e}ric and Divol, Vincent},
  journal={arXiv preprint arXiv:1802.10457},
  year={2018}
}

@InProceedings{mou2018dropout,
  title = 	 {Dropout Training, Data-dependent Regularization, and Generalization Bounds},
  author = 	 {Mou, Wenlong and Zhou, Yuchen and Gao, Jun and Wang, Liwei},
  booktitle = 	 {ICML},
  year={2018}
}

@inproceedings{le2018persistence,
  title={Persistence fisher kernel: A riemannian manifold kernel for persistence diagrams},
  author={Le, Tam and Yamada, Makoto},
  booktitle={Advances in Neural Information Processing Systems},
  pages={10007--10018},
  year={2018}
}

@article{rieck2019neural,
  title={Neural Persistence: A Complexity Measure for Deep Neural Networks Using Algebraic Topology},
  author={Bastian Rieck and Matteo Togninalli and Christian Bock and Michael Moor and Max Horn and Thomas Gumbsch and Karsten Borgwardt},
  journal={ICLR},
  year={2019},
}

@article{chen2019topological,
  title={A topological regularizer for classifiers via persistent homology},
  author={C. Chen and X. Ni and Q. Bai and Y. Wang},
  journal={AISTATS},
  year={2019},
}

@article{johnson2019deep,
  title={Deep, Skinny Neural Networks are not Universal Approximators},
  author={Jesse Johnson},
  journal={ICLR},
  year={2019},
}

@article{he2019resnet,
  title={Why ResNet Works? Residuals Generalize},
  author={He, Fengxiang and Liu, Tongliang and Tao, Dacheng},
  journal={arXiv preprint arXiv:1904.01367},
  year={2019}
}

@article{zhang2019all,
  title={Are All Layers Created Equal?},
  author={Zhang, Chiyuan and Bengio, Samy and Singer, Yoram},
  journal={arXiv preprint arXiv:1902.01996},
  year={2019}
}
